
@misc{Bailey2009,
    author = {Daniel V. Bailey and Lejla Batina and Daniel J. Bernstein and Peter Birkner and Joppe W. Bos and Hsieh-Chung Chen and Chen-Mou Cheng and Gauthier van Damme and Giacomo de Meulenaer and Luis Julian Dominguez Perez and Junfeng Fan and Tim G{\"u}neysu and Frank Gurkaynak and Thorsten Kleinjung and Tanja Lange and Nele Mentens and Ruben Niederhagen and Christof Paar and Francesco Regazzoni and Peter Schwabe and Leif Uhsadel and Anthony Van Herrewege and Bo-Yin Yang},
    title = {{Breaking ECC2K-130}},
    howpublished = {IACR Cryptology ePrint Archive, Report 2009/541},
    year = {2009}
}

@incollection{Dormale2007,
author = {Meurice de Dormale, Guerric and Bulens, Philippe and Quisquater, Jean-Jacques},
title = {{Collision Search for Elliptic Curve Discrete Logarithm over GF($2^m$) with FPGA}},
booktitle={CHES},
publisher={Springer},
pages = {378--393},
year = {2007}
}

@inproceedings{Gueneysu2007,
author = {G{\"u}neysu, Tim and Paar, Christof and Pelzl, Jan},
pages = {207},
publisher = {ACM Press},
title = {{Attacking Elliptic Curve Cryptosystems with Special-Purpose Hardware}},
year = {2007}
booktitle = {FPGA}
}

@inproceedings{Mane2011,
author = {Mane, Suvarna and Judge, Lyndon and Schaumont, Patrick},
booktitle = {Reconfigurable Computing and FPGAs},
month = nov,
pages = {198--203},
publisher = {IEEE},
title = {{An Integrated Prime-Field ECDLP Hardware Accelerator with High-Performance Modular Arithmetic Units}},
url = {http://ieeexplore.ieee.org/lpdocs/epic03/wrapper.htm?arnumber=6128577},
year = {2011}
}

@inproceedings{Judge2012,
  title={{A Flexible Hardware ECDLP Engine in Bluespec}},
  author={Judge, Lyndon and Schaumont, Patrick},
  booktitle={Special-Purpose Hardware for Attacking Cryptographic Systems (SHARCS)},
  year={2012}
}


@inproceedings{Wiener1999,
  title={{Faster Attacks on Elliptic Curve Cryptosystems}},
  author={Wiener, Michael J and Zuccherato, Robert J},
  booktitle={Selected Areas in Cryptography},
  pages={190--200},
  year={1999},
  organization={Springer}
}

@article{Yasuda2011,
  title={{On random walks of Pollard’s rho method for the ECDLP on Koblitz curves}},
  author={Yasuda, Masaya and Izu, Tetsuya and Shimoyama, Takeshi and Kogure, Jun},
  journal={Journal of Math-for-Industry},
  volume={3},
  number={3},
  pages={107--112},
  year={2011}
}

@misc{Bailey2007,
    author = {Daniel V. Bailey and Brian Baldwin and Lejla Batina and Daniel J. Bernstein and Peter Birkner and Joppe W. Bos and Gauthier van Damme and Giacomo de Meulenaer and Junfeng Fan and Tim G{\"u}neysu and Frank Gurkaynak and Thorsten Kleinjung and Tanja Lange and Nele Mentens and Christof Paar and Francesco Regazzoni and Peter Schwabe and Leif Uhsadel},
    title = {{The Certicom Challenges ECC2-X}},
    howpublished = {IACR Cryptology ePrint Archive, Report 2009/466},
    year = {2009}
}

@article{Koblitz1987,
author = {Koblitz, Neal},
doi = {10.2307/2007884},
file = {:home/paul/uni/Diplomarbeit/Recherche/ECC\_koblitz.pdf:pdf},
issn = {00255718},
journal = {Mathematics of Computation},
month = jan,
number = {177},
pages = {203},
title = {{Elliptic Curve Cryptosystems}},
url = {http://www.jstor.org/stable/2007884?origin=crossref},
volume = {48},
year = {1987}
}

@article{Miller1986,
author = {Miller, VS},
file = {:home/paul/uni/Diplomarbeit/Recherche/ECC\_miller.pdf:pdf},
journal = {Advances in Cryptology—CRYPTO'85 Proceedings},
pages = {417--426},
title = {{Use of elliptic curves in cryptography}},
url = {http://link.springer.com/chapter/10.1007/3-540-39799-X\_31},
year = {1986}
}

@book{Hankerson2004,
  title={{Guide to Elliptic Curve Cryptography}},
  author={Hankerson, Darrel and Vanstone, Scott and Menezes, Alfred J},
  year={2004},
  publisher={Springer}
}

@book{Lidl1994,
author = {Lidl, R},
isbn = {0521307066},
title = {{Introduction to finite fields and their applications}},
year = {1994}
}

@article{Gao1992,
author = {Gao, S and Jr, HW Lenstra},
file = {:home/paul/uni/Diplomarbeit/Recherche/gao.pdf:pdf},
journal = {Designs, Codes and Cryptography},
keywords = {12f10,1991 mathematics subject classification,acknowledgements,and,assistance from nserc grant,continuous encouragement,d,galois theory,he received partial financial,his ph,mullin for his help,normal basis,ogp0003071,supervisor ronald c,the first author acknowledges,the second},
pages = {315--323},
title = {{Optimal normal bases}},
url = {http://link.springer.com/article/10.1007/BF00125200},
volume = {2},
year = {1992}
}

@misc{massey1986computational,
  title={{Computational method and apparatus for finite field arithmetic}},
  author={Massey, James L and Omura, Jimmy K},
  year={1986},
  month=may # "~6",
  publisher={Google Patents},
  note={US Patent 4,587,627}
}


@article{mullin1988optimal,
  author    = {Ronald C. Mullin and
               I. M. Onyszchuk and
               Scott A. Vanstone and
               R. M. Wilson},
  title     = {{Optimal normal bases in GF(p$^{\mbox{n}}$)}},
  journal   = {Discrete Applied Mathematics},
  volume    = {22},
  number    = {2},
  year      = {1989},
  pages     = {149--161},
  ee        = {http://dx.doi.org/10.1016/0166-218X(88)90090-X},
  bibsource = {DBLP, http://dblp.uni-trier.de}
}


@article{Sunar2001,
author = {Sunar, B and Ko\c{c}, CK},
journal = {IEEE Transactions on Computers},
number = {January},
pages = {83--87},
title = {{An efficient optimal normal basis type II multiplier}},
url = {http://pdf.aminer.org/000/292/234/efficient\_inversion\_algorithm\_for\_optimal\_normal\_bases\_type\_ii.pdf},
volume = {50},
year = {2001}
}

@article{van1999parallel,
  title={{Parallel Collision Search with Cryptanalytic Applications}},
  author={{van Oorschot}, Paul C and Wiener, Michael J},
  journal={Journal of Cryptology},
  volume={12},
  number={1},
  pages={1--28},
  year={1999},
  publisher={Springer}
}

@Article{pollard1975,
  title={{A Monte Carlo Method for Factorization}},
  author={Pollard, John M},
  journal={BIT Numerical Mathematics},
  volume={15},
  number={3},
  pages={331--334},
  year={1975},
  publisher={Springer}
}

@incollection{Teske1998,
  title={{Speeding up Pollard's Rho Method for Computing Discrete Logarithms}},
  author={Teske, Edlyn},
  year={1998},
  publisher={Springer},
  booktitle={Algorithmic Number Theory},
  volume={1423},
  pages={541--554}
}



@article{Gallant2000,
  title={{Improving the parallelized Pollard lambda search on anomalous binary curves}},
  author={Gallant, Robert and Lambert, Robert and Vanstone, Scott},
  journal={Mathematics of Computation of the American Mathematical Society},
  volume={69},
  number={232},
  pages={1699--1705},
  year={2000}
}

@inproceedings{Shanks1971,
  title={{Class number, a theory of factorization, and genera}},
  author={Shanks, Daniel},
  booktitle={Proc. Symp. Pure Math},
  volume={20},
  pages={415--440},
  year={1971}
}

@article{Pohlig1978,
  title={{An Improved Algorithm for Computing Logarithms over $GF(p)$ and Its Cryptographic Significance}},
  author={Pohlig, Stephen C and Hellman, Martin E},
  journal={Transactions on Information Theory},
  volume={24},
  number={1},
  pages={106--110},
  year={1978},
  publisher={IEEE}
}



@article{Bos2012,
author = {Bos, Joppe W. and Kaihara, Marcelo E. and Kleinjung, Thorsten and Lenstra, Arjen K. and Montgomery, Peter L.},
doi = {10.1504/IJACT.2012.045590},
file = {:home/paul/uni/Diplomarbeit/Recherche/noan112.pdf:pdf},
issn = {1753-0563},
journal = {International Journal of Applied Cryptography},
keywords = {cell processor,elliptic curve discrete logarithm,pollard,s rho method},
number = {3},
pages = {212},
title = {{Solving a 112-bit Prime Elliptic Curve Discrete Logarithm Problem on Game Consoles using Sloppy Reduction}},
url = {http://www.inderscience.com/link.php?id=45590},
volume = {2},
year = {2012}
}

@MISC{Harley,
      AUTHOR = {Robert Harley},
      TITLE = {{Elliptic Curve Discrete Logarithms: ECC2K-108}},
      YEAR = {2000},
      NOTE = {\url{http://cristal.inria.fr/~harley/ecdl7/readMe.html}}
}

@inproceedings{Fan2010,
author = {Fan, Junfeng and Bailey, Daniel V. and Batina, Lejla and G{\"u}neysu, Tim and Paar, Christof and Verbauwhede, Ingrid},
booktitle={Field Programmable Logic and Applications (FPL)},
pages = {133--138},
publisher = {IEEE},
title = {{Breaking Elliptic Curve Cryptosystems Using Reconfigurable Hardware}},
year = {2010}
}

@INPROCEEDINGS{Lopez1998ImprovedAlgorithms,
  author = {Julio L{\'o}pez and Ricardo Dahab},
  title = {{Improved Algorithms for Elliptic Curve Arithmetic in GF(2$^{\mbox{n}
	}$)}},
  booktitle = {Selected Areas in Cryptography},
  year = {1998},
  volume = {1556},
  series = {Lecture Notes in Computer Science},
  pages = {201--212},
  publisher = {Springer},
  file = {Lopez1998ImprovedAlgorithms.pdf:Lopez1998ImprovedAlgorithms.pdf:PDF},
  owner = {ewenger},
  timestamp = {2011.03.14}
}

@inproceedings{Rodriguez2003,
  title={{On Fully Parallel Karatsuba Multipliers for GF($2^m$)}},
  author={Rodr{\i}guez-Henr{\i}quez, F and Ko{\c{c}}, {\c{C}}K},
  booktitle={Computer Science and Technology},
  pages={405--410},
  year={2003}
}

@inproceedings{Mastrovito1989,
  author    = {Edoardo D. Mastrovito},
  title     = {{VLSI Designs for Multiplication over Finite Fields GF($2^m$)}},
  booktitle = {Applied Algebra, Algebraic Algorithms and Error-Correcting Codes},
  year      = {1988},
  pages     = {297--309},
}


@article{nist2012recommendation,
  title={{Recommendation for Cryptographic Key Generation}},
  author={Barker, Elaine and Roginsky, Allen},
  journal={NIST Special Publication},
  volume={800},
  pages={133},
  year={2012}
}

@article{menezes1993reducing,
  title={{Reducing Elliptic Curve Logarithms to Logarithms in a Finite Field}},
  author={Menezes, Alfred J and Okamoto, Tatsuaki and Vanstone, Scott A},
  journal={Transactions on Information Theory},
  volume={39},
  number={5},
  pages={1639--1646},
  year={1993},
  publisher={IEEE}
}

@ARTICLE{frey1994remark,
  author = {Frey, Gerhard and R{\"u}ck, Hans-Georg},
  title = {{A Remark Concerning m-Divisibility and the Discrete Logarithm in the Divisor Class Group of Curves}},
  journal = {Mathematics of Computation},
  year = {1994},
  volume = {62},
  pages = {865--874},
  number = {206},
  publisher = {American Mathematical Society}
}


@article{gaudry2002constructive,
  title={{Constructive and Destructive Facets of Weil Descent on Elliptic Curves}},
  author={Gaudry, Pierrick and Hess, Florian and Smart, Nigel P},
  journal={Journal of Cryptology},
  volume={15},
  number={1},
  pages={19--46},
  year={2002},
  publisher={Springer}
}

@article{DBLP:journals/iandc/ItohT88,
  author    = {Toshiya Itoh and
               Shigeo Tsujii},
  title     = {{A Fast Algorithm for Computing Multiplicative Inverses in
               GF($2^m$) Using Normal Bases}},
  journal   = {Inf. Comput.},
  volume    = {78},
  number    = {3},
  year      = {1988},
  pages     = {171-177},
  ee        = {http://dx.doi.org/10.1016/0890-5401(88)90024-7},
  bibsource = {DBLP, http://dblp.uni-trier.de}
}


@misc{Avnet,
      TITLE = {{Avnet Inc}},
      MONTH = {Feb},
      YEAR = {2014},
      howpublished= {\url{http://www.avnet.com/}}
}

@misc{SciEngines,
      TITLE = {{SciEngines GmbH}},
      MONTH = {Feb},
      YEAR = {2014},
      howpublished= {\url{http://www.sciengines.com/}}
}

@misc{MIT2012Record,
    author = {{Caitlin Stier}},
    title = {{Students break record by folding toilet paper 13 times}},
    month = {Jan},
    year = {2012},
    howpublished= {Available online at \url{http://www.newscientist.com/blogs/nstv/2012/01/paper-folding-limits-pushed.html}.}
}

@misc{certicom2002challenge,
  author={{Certicom Research}},
  title={{The Certicom ECC Challenge}},
  month = {Nov},
  year={1997},
  howpublished={\url{https://www.certicom.com/index.php/the-certicom-ecc-challenge}}
}

@MISC{ecrypt2012ecrypt,
  author = {Steve Babbage and Dario Catalano and Carlos Cid and Benne de Weger and Orr Dunkelman and Christian Gehrmann and Louis Granboulan and Tim G{\"u}neysu and Jens Hermans and Tanja Lange and Arjen Lenstra and Chris Mitchell and Mats N{\"a}slund and Phong Nguyen and Christof Paar and Kenny Paterson and Jan Pelzl and Thomas Pornin and Bart Preneel and Christian Rechberger and Vincent Rijmen and Matt Robshaw and Andy Rupp and Martin Schl{\"a}ffer and Serge Vaudenay and Fr?e Vercauteren and Michael Ward},
  title = {{ECRYPT II Yearly Report on Algorithms and Keysizes (2011-2012)}},
  howpublished = {Available online at \url{http://www.ecrypt.eu.org/}},
  month = {Sep},
  year = {2012}
}


@BOOK{Cohen2006Handbookofelliptic,
  title = {{Handbook of Elliptic and Hyperelliptic Curve Cryptography}},
  publisher = {Chapman \& Hall/CRC, Boca Raton, FL},
  year = {2006},
  editor = {Henri Cohen and Gerhard Frey and Roberto Avanzi and Christophe Doche
	and Tanja Lange and Kim Nguyen and Frederik Vercauteren},
  pages = {xxxiv+808},
  series = {Discrete Mathematics and its Applications},
  isbn = {978-1-58488-518-4; 1-58488-518-1},
  mrclass = {14G50 (11G05 11G07 11T71 94-00 94A60)},
  mrnumber = {MR2162716 (2007f:14020)},
  mrreviewer = {Steven D. Galbraith},
  owner = {jschmidt},
  timestamp = {2011.12.20}
}

@misc{Bernstein2009Homepage,
    author = {{Bernstein, Daniel J}},
    title = {{Binary Batch Edwards 113-bit Multiplier}},
    month = {May},
    year = {2009},
    howpublished= {Available online at \url{http://binary.cr.yp.to/bbe251/113.gz}.}
}

@incollection{Bernstein2009,
  title={{Batch Binary Edwards}},
  author={Bernstein, Daniel J},
  booktitle={Advances in Cryptology-CRYPTO 2009},
  pages={317--336},
  year={2009},
  publisher={Springer}
}

@ARTICLE{Koc1996AnalyzingandComparing,
  author = {{\c C}etin Kaya Ko\c{c} and Tolga Acar and Burton S. {Kaliski Jr.}},
  title = {{Analyzing and Comparing Montgomery Multiplication Algorithms}},
  journal = {IEEE Micro},
  year = {1996},
  volume = {16},
  pages = {26--33},
  number = {3},
  month = {June},
  abstract = {This paper discusses several Montgomery multiplication algorithms,
	two of which have been proposed before. We describe three additional
	algorithms, and analyze in detail the space and time requirements
	of all five methods. These algorithms have been implemented in C
	and in assembler. The analyses and actual performance results indicate
	that the Coarsely Integrated Operand Scanning (CIOS) method, detailed
	in this paper, is the most efficient of all five algorithms, at least
	for the general class of processor we considered. The Montgomery
	multiplication methods constitute the core of the modular exponentiation
	operation which is the most popular method used in public-key cryptography
	for encrypting and signing digital data.},
  file = {Koc1996AnalyzingandComparing.pdf:Koc1996AnalyzingandComparing.pdf:PDF},
  iaik_category = {VLSI},
  iaik_users = {smangard},
  keywords = {Modular multiplication and exponentiation, Montgomery method, RSA
	and Diffie-Hellman cryptosystems},
  owner = {smangard}
}

